@article{ma10,
  title={Necessary and sufficient conditions for consensusability of linear multi-agent systems},
  author={Ma, Cui-Qin and Zhang, Ji-Feng},
  journal=IEEE_J_AC,
  volume={55},
  number={5},
  pages={1263--1268},
  year={2010},
  publisher={IEEE}
}

@book{mesbahi10,
  title={Graph Theoretic Methods in Multiagent Networks},
  author={Mesbahi, Mehran and Egerstedt, Magnus},
  year={2010},
  publisher={Princeton University Press}
}

